@article{SecondaryStructureMotifs,
author = {Ding, Ye and Lawrence, Charles E.}, 
title = {A statistical sampling algorithm for RNA secondary structure prediction},
volume = {31}, 
number = {24}, 
pages = {7280-7301}, 
year = {2003}, 
doi = {10.1093/nar/gkg938}, 
journal = {Nucleic Acids Research} 
}

@article{waterman1978,
  title={Secondary structure of single-stranded nucleic acids},
  author={Waterman, Michael S},
  journal={Adv. math. suppl. studies},
  volume={1},
  pages={167--212},
  year={1978},
  publisher={Citeseer}
}

@article{spliceosome,
title={Spliceosome Structure and Function},
author={Will, Cindy L. and Reinhard Luehrmann.},
journal={Cold Spring Harbor Perspectives in Biology 3.7},
year={2011}}

@article{nussinov:1978,
	author = {Ruth Nussinov and George Pieczenik and Jerrold R. Griggs and Daniel J. Kleitman},
	collaboration = {},
	title = {Algorithms for Loop Matchings},
	publisher = {SIAM},
	year = {1978},
	journal = {SIAM Journal on Applied Mathematics},
	volume = {35},
	number = {1},
	pages = {68-82},
	doi = {10.1137/0135006}
}

@article{hofacker:1994,
  title={Fast folding and comparison of {RNA} secondary structures},
  author={Hofacker, Ivo L and Fontana, Walter and Stadler, Peter F and Bonhoeffer, L Sebastian and Tacker, Manfred and Schuster, Peter},
  journal={Monatshefte f{\"u}r Chemie/Chemical Monthly},
  volume={125},
  number={2},
  pages={167--188},
  year={1994},
  publisher={Springer}
}

@article{ViennaRNA,
  title={{ViennaRNA} {P}ackage 2.0},
  author={R. Lorenz and S.H. Bernhart and C. Hoener zu Siederdissen and H. Tafer and C. Flamm and P.F. Stadler and I.L. Hofacker},
  journal={Algorithms for Molecular Biology},
  volume={6},
  number={1},
  pages={26},
  year={2011},
  publisher={BioMed Central Ltd},
  doi={10.1186/1748-7188-6-26}
}

@article{Mfold,
title={Mfold web server for nucleic acid folding and
hybridization prediction.},
author={Zuker,M.},
year={2003},
journal={NUcleic Acids Res.},
volume={31},
pages={3406-3415}}


@article{Contrafold,
author = {Do, Chuong B. and Woods, Daniel A. and Batzoglou, Serafim}, 
title = {CONTRAfold: RNA secondary structure prediction without physics-based models},
volume = {22}, 
number = {14}, 
pages = {e90-e98}, 
year = {2006}, 
doi = {10.1093/bioinformatics/btl246}, 
URL = {http://bioinformatics.oxfordjournals.org/content/22/14/e90.abstract}, 
eprint = {http://bioinformatics.oxfordjournals.org/content/22/14/e90.full.pdf+html}, 
journal = {Bioinformatics} 
}



@article{Mattick15042006,
author = {Mattick, John S. and Makunin, Igor V.}, 
title = {Non-coding RNA},
volume = {15}, 
number = {1}, 
pages = {R17-R29}, 
year = {2006}, 
doi = {10.1093/hmg/ddl046},
journal = {Human Molecular Genetics} 
}

@article{ribozym,
author = {Evans,D. and Marquez,S. and Pace,N.}, 
title = {RNase P: interface of the RNA and protein worlds.},
journal={Trends Biochem. Sci.},
volume = {31}, 
pages = {331--341}, 
year = {2006}
} 

@article{Kramer1981,
author = {Kramer,F. and Mills,D.}, 
title = {Secondary structure formation during RNA-synthesis.},
journal={Nucleic Acids Res.},
volume = {9}, 
pages = {5109-5124}, 
year = {1981}
} 

@article{transcriptionPausing,
author = {Francine Toulme and Christine Mosrin-Huaman and Irina Artsimovitch and A. Rachid Rahmouni}, 
title = {Transcriptional Pausing in Vivo: A Nascent RNA Hairpin Restricts Lateral Movements of RNA Polymerase in Both Forward and Reverse Directions},
journal={Journal of Molecular Biology},
Publisher={Elsevier},
year = {2005}
} 



@Book{ggplot2,
    author = {Hadley Wickham},
    title = {ggplot2: elegant graphics for data analysis},
    publisher = {Springer New York},
    year = {2009},
    isbn = {978-0-387-98140-6},
    url = {http://had.co.nz/ggplot2/book},
}

@Book{Biochemistry,
    author = {Lehninger, Albert L. and Nelson, David L. and Cox, Michael},
    title = {Principles of Biochemistry (5th ed.)},
    publisher = {New York, NY: W.H. Freeman and Company},
    year = {2008},
    pages={1128-1128},
    isbn = {978-0-7167-7108-1}
}

@Manual{R,
    title = {R: A Language and Environment for Statistical Computing},
    author = {{R Development Core Team}},
    organization = {R Foundation for Statistical Computing},
    address = {Vienna, Austria},
    year = {2008},
    note = {{ISBN} 3-900051-07-0},
    url = {http://www.R-project.org},
}
@misc{RNAfoldWebsite,
	title = {RNAfold Website},
	author= {Lorenz Ronny and Bernhart, Stephan H. and H{\"o}ner zu Siederdissen and Christian and Tafer, Hakim and Flamm, Christoph and Stadler, Peter F. and Hofacker, Ivo L.},
	year={2011},
	url= {http://www.tbi.univie.ac.at/RNA/RNAfold.html}
}

@ARTICLE{kinwalker,
  author = {Geis, Michael and Flamm, Christoph and Wolfinger, Michael T and Tanzer,
	Andrea and Hofacker, Ivo L and Middendorf, Martin and Mandl, Christian
	and Stadler, Peter F and Thurner, Caroline},
  title = {Folding kinetics of large {RNA}s},
  journal = {Journal of molecular biology},
  year = {2008},
  volume = {379},
  pages = {160--173},
  number = {1},
  publisher = {Elsevier}
}
@misc{ncbi,
	title = {ncbiDatabase},
	url= {http://www.ncbi.nlm.nih.gov/},
}

@misc{Rfam,
	title = {Rfam: an RNA family database},
	author={Griffiths-Jones S and Bateman A and Marshall M and Khanna A and Eddy SR},
	journal={Nucleic acids research},
	year={2003},
	volume={31},
	number={1},
	pages={439-441},
	url = {http://rfam.xfam.org/}
}

@article{manuch:2011,
  title={{NP}-completeness of the energy barrier problem without pseudoknots and temporary arcs},
  author={Ma{\v{n}}uch, J{\'a}n and Thachuk, Chris and Stacho, Ladislav and Condon, Anne},
  journal={Natural Computing},
  volume={10},
  number={1},
  pages={391--405},
  year={2011},
  publisher={Springer}
}

@article {sourceRefTRP,
	title = {Attenuation in the control of expression of bacterial operons},
	author = {Charles Yanofsky},
	journal={Nature},
	volume={289},	
	year = {1981}
}
@article {sourceRefSRP1,
	title = {The Crystal Structure of the Signal Recognition Particle in Complex with Its Receptor},
	author = {Sandro F. Ataide et al.},
	year = {2011},
	journal ={Science},
	volume ={331},
	number = {881},
	doi ={10.1126/science.1196473}
}
@article {sourceRefSRP2,
	title = {Structure of 4.5S RNA in the signal recognition particle of Escherichia coli as studied by enzmatic and chemical probing},
	author = {Georg Lentzen et al.},
	year = {1996},
	journal={RNA},
	volume={2},
	pages={244-253}
}

@article {sourceRefRNAseP1,
	title={Crystal structure of the RNA component of bacterial ribonuclease P},
	author = {Alfredo Torres-Larios and Kerren K.Swinger and Andrey S. and Krasilnikov and Tao pan and alfonso Mondragon},
	year = {2005},
	journal = {nature},
	volume = {437},
	doi = {10.1038/nature04074}
}
@article {sourceRefRNAseP2,
	title={Folding of noncoding RNAs during transcription facilitated by pausing-induced nonnative structures},
	author = {Terrence N.Wong et al.},
	year = {2007},
	journal = {pnas},
	doi = {10.1073/pnas.0705038104}
}
@article {Meyer,
	title={Transient RNA structure features are evolutionarily conserved and can be computationally predicted},
	author={Zhu JY and Steif A and Proctor JR and Meyer IM},
	year={2013},
	journal={Nucleic Acids Res.},
	doi={10.1093/nar/gkt319},
}
@misc{forna,
	title={Forna (force-directed RNA): Simple and effective online RNA secondary structure diagrams.},
	author={Kerpedjiev P, Hammer S, Hofacker IL},
	year={2015},
	journal={Bioinformatics},
	volume={31},
	number={20},
	pages={3377-9},
	url={http://nibiru.tbi.univie.ac.at/forna/}
}
@misc{MUSCLE,
	title = {MUSCLE: multiple sequence alignment with high accuracy and high throughput},
	author={Robert C. Edgar},
	journal={Nucleic Acid Research},
	Volume={32},
	Number={5},
	year={2004},
	pages={1792-1797},
	url = {http://www.ebi.ac.uk/Tools/msa/muscle/}
}

@article{RNAalifold,
  title={{RNAalifold}: improved consensus structure prediction for {RNA} alignments},
  author={Bernhart, Stephan H and Hofacker, Ivo L and Will, Sebastian and Gruber, Andreas R and Stadler, Peter F},
  journal={BMC bioinformatics},
  volume={9},
  number={1},
  pages={474},
  year={2008},
  publisher={BioMed Central Ltd},
  url= { http://www.tbi.univie.ac.at/RNA/RNAalifold.html}
}

@article{dissRonny,
	title= {RNA Secondary Structure Thermodynamics and Kinetics, A journey to Vienna with RNA structures and Schnitzel},
	author={Ronny Lorenz},	
	year={2014},
	journal={Dissertation},
	type = {{PhD} dissertation}
}
	
@article{transcriptionrates,
	title={RNA folding during transcription.},
	author = {Pan, T. and Sosnick, T.},
	year={2006},
	journal={Annu. Rev. Biophys. Biomol. Struct. 35},
	pages={161-175}
}
@article{morganhiggs,
	title={Barrier heights between ground states in a model of RNA secondary structure.},
	author={Morgan, S. R. and Higgs, P. G.},
	journal ={J. Phys. A.: Math. Gen.},
	volume={31},
	number={14},
	year={1998},
	pages={3153-3170}
}
@article{Flamm:2000,
  author = {Flamm, Christoph and Hofacker, Ivo L and Maurer-Stroh, Sebastian
	and Stadler, Peter F and Zehl, Martin},
  title = {Design of multistable {RNA} molecules.},
  journal = {Rna},
  year = {2001},
  volume = {7},
  pages = {254--265},
  number = {2},
  publisher = {Cold Spring Harbor Lab}
}

@article{python,
	title={Python tutorial},
	author={G. van Rossum},
	year={1995},
	journal={Technical Report CS-R9526}
}	

@article{mathews:2004,
  title={Incorporating chemical modification constraints into a dynamic programming algorithm for prediction of {RNA} secondary structure},
  author={Mathews, David H and Disney, Matthew D and Childs, Jessica L and Schroeder, Susan J and Zuker, Michael and Turner, Douglas H},
  journal={Proceedings of the National Academy of Sciences of the United States of America},
  volume={101},
  number={19},
  pages={7287--7292},
  year={2004},
  publisher={National Acad Sciences}
}


@article{SRP,
	author={Nagai K and Oubridge C and Kuglstatter A and Menichelli E and Isel C and Jovine L.},
	title={Structure, function and evolution of the signal recognition particle.},
	journal={The EMBO Journal},
	year={2003},
	volume={22},
	number={14},
	pages={3479-3485}
}
@article{RNAseP,
author = { Daniel N. Frank  and  Norman R. Pace},
title = {RIBONUCLEASE P: Unity and Diversity in a tRNA Processing Ribozyme},
journal = {Annual Review of Biochemistry},
volume = {67},
number = {1},
pages = {153-180},
year = {1998},
doi = {10.1146/annurev.biochem.67.1.153},
note ={PMID: 9759486},
URL = {http://dx.doi.org/10.1146/annurev.biochem.67.1.153   
},
eprint = { http://dx.doi.org/10.1146/annurev.biochem.67.1.153   }
}
@article{EnsembleDistance,
	title={SHAPE directed RNA folding - Supplementary Material - },
	author={Ronny Lorenz and Dominik Luntzer and Ivo L. Hofacker and Peter F. Stadler and Michael T. Wolfinger},
	journal={Bioinformatics},
	year={2015},
	doi={10.1093/bioinformatics/btv523}
}



@article{Poerschke:1974,
	title={Model calculations on the kinetics of oligonucleotide double helix coil transitions. Evidence for a fast chain sliding reaction.},
	author={Pörschke D.},
	journal={Biophysical chemistry},
	year={1974},
	volume={2},
	number={2},
	pages={83-96},
	doi={10.1016/0301-4622(74)80028-1}
}
@article{Kawasaki:1966,
  title = {Diffusion Constants near the Critical Point for Time-Dependent Ising Models. I},
  author = {Kawasaki, Kyozi},
  journal = {Phys. Rev.},
  volume = {145},
  issue = {1},
  pages = {224--230},
  numpages = {0},
  year = {1966},
  month = {May},
  publisher = {American Physical Society},
  doi = {10.1103/PhysRev.145.224},
  url = {http://link.aps.org/doi/10.1103/PhysRev.145.224}
}
@Article{Washietl:2005,
author = "Washietl S., Hofacker I.L., Stadler P.F.",
title = {Fast and reliable prediction of noncoding RNAs},
journal = "Proc. Natl. Acad. Sci. U.S.A",
year = "2005",
volume = "102",
pages = "2454-2459",
}


@Article{walter:94,
author = "Walter, A E and Turner, D H and Kim, J and Lyttle, M H and M{\"u}ller, P and Mathews, D H and Zuker, M",
title = {Coaxial stacking of helixes enhances binding of oligoribonucleotides and improves predictions of {RNA} folding},
journal = "Proc Natl Acad Sci U S A",
year = "1994",
volume = "91",
number = "20",
pages = "9218-9222",
month = "Sep",
pmid = "7524072"
}
@Article{neilson:80,
author = "Neilson, T and Romaniuk, P J and Alkema, D and Hughes, D W and Everett, J R and Bell, R A",
title = {The effects of base sequence and dangling bases on the stability of short ribonucleic acid duplexes},
abstract = {Variable temperature proton nuclear magnetic resonance spectroscopy is used to establish that both sequence and dangling bases affect stability of short RNA double helices. Tetraribonucleotides, CAUG, UGCA and AGCU form reference duplexes (Tm 25 degrees, 33 degrees, 34 degrees, respectively) which contain an equal number of G . C and A . U base pairs and which show primary sequence is important. Pentaribonucleotides GAUGA, ACAUG, UGCAA and AGCUA, form duplexes (Tm 36 degrees, 35 degrees, 46 degrees, 45 degrees, respectively) with dangling adenines. Average Tm difference from the reference is +11 degrees for two 3' or 5'-dangling adenines. Pentaribonucleotides, CAUGU and UCAUG, form duplexes (Tm both 30 degrees) with dangling uracils. Average Tm difference from the reference is +5 degrees for two 3' or 5'-dangling uracils. Fraying was detected only in duplexes from the AGCU series. Presence of a dangling adenine, in duplex, AGCUA, caused a reduction in fraying.},
journal = "Nucleic Acids Symp Ser",
year = "1980",
volume = "7",
number = "",
pages = "293-311",
month = "",
pmid = "7255174"
}
@article{zuker:1981,
	abstract = {This paper presents a new computer method for folding an {RNA} molecule that finds a conformation of minimum free energy using published values of stacking and destabilizing energies. It is based on a dynamic programming algorithm from applied mathematics, and is much more efficient, faster, and can fold larger molecules than procedures which have appeared up to now in the biological literature. Its power is demonstrated in the folding of a 459 nucleotide immunoglobulin gamma 1 heavy chain messenger {RNA} fragment. We go beyond the basic method to show how to incorporate additional information into the algorithm. This includes data on chemical reactivity and enzyme susceptibility. We illustrate this with the folding of two large fragments from the 16S ribosomal {RNA} of Escherichia coli.},
	author = {Zuker, M.  and Stiegler, P. },
	issn = {0305-1048},
	journal = {Nucleic Acids Res},
	keywords = {ab-initio biophysics computer folding rna secondary_structure thermodynamics},
	month = {January},
	number = {1},
	pages = {133--148},
	title = {Optimal computer folding of large {RNA} sequences using thermodynamics and auxiliary information.},
	volume = {9},
	year = {1981}
}

@article{Yanofsky1977,
	title={Transcription termination at the trp operon attenuators of Escherichia coli and Salmonella typhimurium: RNA secondary structure and regulation of termination.},
	author={Lee, F. and Yanofsky, C.},
	journal={Proceedings of the National Academy of Science of the USA},
	year={1977},
	volume={74},
	number={10},
	pages={4365-9}
}

@article{Oxender1979,
	title={Attenuation in the Escherichia coli tryptophan operon: role of RNA secondary structure involving the tryptophan codon region.},
	author={Oxender, D. and Zurawski, G. and Yanofsky, C.},
	journal={Proceedings of the National Academy of Science of the USA},
	year={1979},
	volume={76},
	number={10},
	pages={5524-5528}
}

@article{SourceTerminator,
	title={Transcription termination in vitro at the tryptophan operon attenuator is controlled by secondary structures in the leader transcript.},
	author={Stroynowski I and Kuroda M and Yanofsky C.},
	journal={Proceedings of the National Academy of Sciences of the United States of America},
	year={1983},
	volume={80},
	number={8},
	pages={2206-2210}
}
@inproceedings{turner:1987,
  title={Improved parameters for prediction of {RNA} structure},
  author={Turner, DH and Sugimoto, N and Jaeger, JA and Longfellow, CE and Freier, SM and Kierzek, R},
  booktitle={Cold Spring Harbor symposia on quantitative biology},
  volume={52},
  pages={123--133},
  year={1987},
  organization={Cold Spring Harbor Laboratory Press}
}
@article{mathews:99,
    title = {Expanded Sequence Dependance of Thermodynamic Parameters Improves Prediction of {RNA} Secondary Structure},
    author = {Mathews, D.H. and Sabina, J. and Zuker, M. and Turner, D.H.},
    journal = {J. Mol. Biol.},
    year = {1999},
    volume = {288},
    pages = {911--940}
}
@article{mathews:2002,
  title={Experimentally derived nearest-neighbor parameters for the stability of {RNA} three-and four-way multibranch loops},
  author={Mathews, David H and Turner, Douglas H},
  journal={Biochemistry},
  volume={41},
  number={3},
  pages={869--880},
  year={2002},
  publisher={ACS Publications}
}
@article{turner:2009,
  title={{NNDB}: the nearest neighbor parameter database for predicting stability of nucleic acid secondary structure},
  author={Turner, Douglas H and Mathews, David H},
  journal={Nucleic acids research},
  pages={gkp892},
  year={2009},
  publisher={Oxford Univ Press}
}
@article{test,
	title={},
	author={},
	journal={},
	year={},
	volume={},
	number={},
	pages={},
	doi={}
}
	


