@BOOK{DUMMY:1,
AUTHOR="John Doe",
TITLE="The Book without Title",
PUBLISHER="Dummy Publisher",
YEAR="2100",
}

@ARTICLE{DUMMY:2,
AUTHOR="Sepp",
TITLE="The Book without Title",
PUBLISHER="Dummy Publisher",
YEAR="2100",
}